@article {MR4009388,
    AUTHOR = {Brzezi\'{n}ski, Tomasz},
     TITLE = {Trusses: between braces and rings},
   JOURNAL = {Trans. Amer. Math. Soc.},
  FJOURNAL = {Transactions of the American Mathematical Society},
    VOLUME = {372},
      YEAR = {2019},
    NUMBER = {6},
     PAGES = {4149--4176},
      ISSN = {0002-9947},
   MRCLASS = {16Y99 (16T05)},
  MRNUMBER = {4009388},
MRREVIEWER = {Ilaria Colazzo},
       DOI = {10.1090/tran/7705},
       URL = {https://doi.org/10.1090/tran/7705},
}